@article{spyreas2019floristic,
  title={Floristic Quality Assessment: a critique, a defense, and a primer},
  author={Spyreas, Greg},
  journal={Ecosphere},
  volume={10},
  number={8},
  pages={e02825},
  year={2019},
  publisher={Wiley Online Library}
}

@article{taft2006estimating,
  title={Estimating floristic integrity in tallgrass prairie},
  author={Taft, John B and Hauser, Christopher and Robertson, Kenneth R},
  journal={Biological Conservation},
  volume={131},
  number={1},
  pages={42--51},
  year={2006},
  publisher={Elsevier}
}

@article{bried2018experts,
  title={Experts and models can agree on species sensitivity values for conservation assessments},
  author={Bried, Jason T and Allen, Brandon E and Azeria, Ermias T and Crisfield, Varina E and Wilson, Matthew J},
  journal={Biological Conservation},
  volume={225},
  pages={222--228},
  year={2018},
  publisher={Elsevier}
}

@article{bried2013floristic,
  title={Floristic quality assessment signals human disturbance over natural variability in a wetland system},
  author={Bried, Jason T and Jog, Suneeti K and Matthews, Jeffrey W},
  journal={Ecological indicators},
  volume={34},
  pages={260--267},
  year={2013},
  publisher={Elsevier}
}

@article{morrison2016observer,
  title={Observer error in vegetation surveys: a review},
  author={Morrison, Lloyd W},
  journal={Journal of Plant Ecology},
  volume={9},
  number={4},
  pages={367--379},
  year={2016},
  publisher={Oxford University Press UK}
}

@article{kramer2015report,
  title={Report in brief: Assessing botanical capacity to address grand challenges in the United States},
  author={Kramer, Andrea T and Havens, Kayri},
  journal={Natural Areas Journal},
  volume={35},
  number={1},
  pages={83--89},
  year={2015},
  publisher={BioOne}
}

@article{spyreas2016scale,
  title={Scale and sampling effects on floristic quality},
  author={Spyreas, Greg},
  journal={PloS one},
  volume={11},
  number={8},
  pages={e0160693},
  year={2016},
  publisher={Public Library of Science San Francisco, CA USA}
}

@article{ahrends2011conservation,
  title={Conservation and the botanist effect},
  author={Ahrends, Antje and Rahbek, Carsten and Bulling, Mark T and Burgess, Neil D and Platts, Philip J and Lovett, Jon C and Kindemba, Victoria Wilkins and Owen, Nisha and Sallu, Albert Ntemi and Marshall, Andrew R and others},
  journal={Biological Conservation},
  volume={144},
  number={1},
  pages={131--140},
  year={2011},
  publisher={Elsevier}
}

@article{matthews2015null,
  title={A null model test of Floristic Quality Assessment: Are plant speciesâ€™ Coefficients of Conservatism valid?},
  author={Matthews, Jeffrey W and Spyreas, Greg and Long, Colleen M},
  journal={Ecological Indicators},
  volume={52},
  pages={1--7},
  year={2015},
  publisher={Elsevier}
}

@manual{cnhp2020fqi,
  title={Revision of Colorado's Floristic Quality Assessment Indices},
  author={Smith, Pam and Doyle, Georgia, and Lemly, Joanna},
  year={2020},
  institution={Colorado Natural Heritage Program},
  address={Colorado State University, Fort Collins, Colorado},
  url={https://cnhp.colostate.edu/download/documents/2020/CO_FQA_2020_Final_Report.pdf}
}


@book{swink1994plants,
  title={Plants of the Chicago Region},
  author={Swink, Floyd and Wilhelm, Gerould and others},
  year={1994},
  publisher={Indiana Academy of Science},
  address={Indianapolis}
}

@article{archer2014ecosystem,
  title={An ecosystem services perspective on brush management: research priorities for competing land-use objectives},
  author={Archer, Steven R and Predick, Katharine I},
  journal={Journal of Ecology},
  volume={102},
  number={6},
  pages={1394--1407},
  year={2014},
  publisher={Wiley Online Library}
}

@article{weisser2017biodiversity,
  title={Biodiversity effects on ecosystem functioning in a 15-year grassland experiment: Patterns, mechanisms, and open questions},
  author={Weisser, Wolfgang W and Roscher, Christiane and Meyer, Sebastian T and Ebeling, Anne and Luo, Guangjuan and Allan, Eric and Bessler, Holger and Barnard, Romain L and Buchmann, Nina and Buscot, Francois and others},
  journal={Basic and applied ecology},
  volume={23},
  pages={1--73},
  year={2017},
  publisher={Elsevier}
}

@article{avolio2019demystifying,
  title={Demystifying dominant species},
  author={Avolio, Meghan L and Forrestel, Elisabeth J and Chang, Cynthia C and La Pierre, Kimberly J and Burghardt, Karin T and Smith, Melinda D},
  journal={New Phytologist},
  volume={223},
  number={3},
  pages={1106--1126},
  year={2019},
  publisher={Wiley Online Library}
}

@article{gremer2015desert,
  title={Desert grassland responses to climate and soil moisture suggest divergent vulnerabilities across the southwestern United States},
  author={Gremer, Jennifer R and Bradford, John B and Munson, Seth M and Duniway, Michael C},
  journal={Global Change Biology},
  volume={21},
  number={11},
  pages={4049--4062},
  year={2015},
  publisher={Wiley Online Library}
}

@article{winkler2019earlier,
  title={Earlier plant growth helps compensate for reduced carbon fixation after 13 years of warming},
  author={Winkler, Daniel E and Grossiord, Charlotte and Belnap, Jayne and Howell, Armin and Ferrenberg, Scott and Smith, Hilda and Reed, Sasha C},
  journal={Functional Ecology},
  volume={33},
  number={11},
  pages={2071--2080},
  year={2019},
  publisher={Wiley Online Library}
}

@article{eldridge2016ecosystem,
  title={Ecosystem structure, function, and composition in rangelands are negatively affected by livestock grazing},
  author={Eldridge, David J and Poore, Alistair GB and Ruiz-Colmenero, Marta and Letnic, Mike and Soliveres, Santiago},
  journal={Ecological Applications},
  volume={26},
  number={4},
  pages={1273--1283},
  year={2016},
  publisher={Wiley Online Library}
}

@article{bernstein2014establishing,
  title={Establishing cool-season grasses on a degraded arid rangeland of the Colorado Plateau},
  author={Bernstein, Eli J and Albano, Christine M and Sisk, Thomas D and Crews, Timothy E and Rosenstock, Steve},
  journal={Restoration Ecology},
  volume={22},
  number={1},
  pages={57--64},
  year={2014},
  publisher={Wiley Online Library}
}

@article{nerlekar2020high,
  title={High plant diversity and slow assembly of old-growth grasslands},
  author={Nerlekar, Ashish N and Veldman, Joseph W},
  journal={Proceedings of the National Academy of Sciences},
  volume={117},
  number={31},
  pages={18550--18556},
  year={2020},
  publisher={National Acad Sciences}
}

@article{cole1997holocene,
  title={Holocene vegetation and historic grazing impacts at Capitol Reef National Park reconstructed using packrat middens},
  author={Cole, Kenneth L and Henderson, Norman and Shafer, David S},
  journal={The Great Basin Naturalist},
  pages={315--326},
  year={1997},
  publisher={JSTOR}
}

@article{brookshire2015long,
  title={Long-term decline in grassland productivity driven by increasing dryness},
  author={Brookshire, ENJ and Weaver, Tad},
  journal={Nature communications},
  volume={6},
  number={1},
  pages={1--7},
  year={2015},
  publisher={Nature Publishing Group}
}

@article{allan2011more,
  title={More diverse plant communities have higher functioning over time due to turnover in complementary dominant species},
  author={Allan, Eric and Weisser, Wolfgang and Weigelt, Alexandra and Roscher, Christiane and Fischer, Markus and Hillebrand, Helmut},
  journal={Proceedings of the National Academy of Sciences},
  volume={108},
  number={41},
  pages={17034--17039},
  year={2011},
  publisher={National Acad Sciences}
}

@article{munson2011brink,
  title={On the brink of change: plant responses to climate on the Colorado Plateau},
  author={Munson, Seth M and Belnap, Jayne and Schelz, Charles D and Moran, Mary and Carolin, Tara W},
  journal={Ecosphere},
  volume={2},
  number={6},
  pages={1--15},
  year={2011},
  publisher={Wiley Online Library}
}

@article{munson2012plant,
  title={Plant community recovery following restoration in semiarid grasslands},
  author={Munson, Seth M and Lauenroth, William K},
  journal={Restoration Ecology},
  volume={20},
  number={5},
  pages={656--663},
  year={2012},
  publisher={Wiley Online Library}
}

@article{hoover2014resistance,
  title={Resistance and resilience of a grassland ecosystem to climate extremes},
  author={Hoover, David L and Knapp, Alan K and Smith, Melinda D},
  journal={Ecology},
  volume={95},
  number={9},
  pages={2646--2656},
  year={2014},
  publisher={Wiley Online Library}
}

@article{fry2021soil,
  title={Do soil depth and plant community composition interact to modify the resistance and resilience of grassland ecosystem functioning to drought?},
  author={Fry, Ellen L and Wilkinson, Anna and Johnson, David and Pritchard, William James and Ostle, Nick J and Baggs, Elizabeth M and Bardgett, Richard D},
  journal={Ecology and evolution},
  volume={11},
  number={17},
  pages={11960--11973},
  year={2021},
  publisher={Wiley Online Library}
}

@article{munson2011responses,
  title={Responses of wind erosion to climate-induced vegetation changes on the Colorado Plateau},
  author={Munson, Seth M and Belnap, Jayne and Okin, Gregory S},
  journal={Proceedings of the National Academy of Sciences},
  volume={108},
  number={10},
  pages={3854--3859},
  year={2011},
  publisher={National Acad Sciences}
}

@article{belnap2009sediment,
  title={Sediment losses and gains across a gradient of livestock grazing and plant invasion in a cool, semi-arid grassland, Colorado Plateau, USA},
  author={Belnap, Jayne and Reynolds, Richard L and Reheis, Marith C and Phillips, Susan L and Urban, Frank E and Goldstein, Harland L},
  journal={Aeolian Research},
  volume={1},
  number={1-2},
  pages={27--43},
  year={2009},
  publisher={Elsevier}
}

@article{schwinning2008sensitivity,
  title={Sensitivity of the Colorado Plateau to change: climate, ecosystems, and society},
  author={Schwinning, Susan and Belnap, Jayne and Bowling, David R and Ehleringer, James R},
  journal={Ecology and Society},
  volume={13},
  number={2},
  year={2008},
  publisher={JSTOR}
}

@article{bradford2014shifts,
  title={Shifts in plant functional types have time-dependent and regionally variable impacts on dryland ecosystem water balance},
  author={Bradford, John B and Schlaepfer, Daniel R and Lauenroth, William K and Burke, Ingrid C},
  journal={Journal of Ecology},
  volume={102},
  number={6},
  pages={1408--1418},
  year={2014},
  publisher={Wiley Online Library}
}

@article{maestre2016structure,
  title={Structure and functioning of dryland ecosystems in a changing world},
  author={Maestre, Fernando T and Eldridge, David J and Soliveres, Santiago and Kefi, Sonia and Delgado-Baquerizo, Manuel and Bowker, Matthew A and Garcia-Palacios, Pablo and Gaitan, Juan and Gallardo, Antonio and Lazaro, Roberto and others},
  journal={Annual review of ecology, evolution, and systematics},
  volume={47},
  pages={215},
  year={2016},
  publisher={Europe PMC Funders}
}

@article{hoelzle2012twenty,
  title={Twenty-five years of sagebrush steppe plant community development following seed addition},
  author={Hoelzle, Timothy B and Jonas, Jayne L and Paschke, Mark W},
  journal={Journal of Applied Ecology},
  volume={49},
  number={4},
  pages={911--918},
  year={2012},
  publisher={Wiley Online Library}
}

@article{tilman1992drought,
  title={Drought and biodiversity in grasslands},
  author={Tilman, David and El Haddi, Adam},
  journal={Oecologia},
  volume={89},
  number={2},
  pages={257--264},
  year={1992},
  publisher={Springer}
}

@article{tilman1994biodiversity,
  title={Biodiversity and stability in grasslands},
  author={Tilman, David and Downing, John A},
  journal={Nature},
  volume={367},
  number={6461},
  pages={363--365},
  year={1994},
  publisher={Nature Publishing Group}
}

@article{tilman2014biodiversity,
  title={Biodiversity and ecosystem functioning},
  author={Tilman, David and Isbell, Forest and Cowles, Jane M},
  journal={Annual review of ecology, evolution, and systematics},
  volume={45},
  pages={471--493},
  year={2014},
  publisher={Annual Reviews}
}

@article{grime1998benefits,
  title={Benefits of plant diversity to ecosystems: immediate, filter and founder effects},
  author={Grime, JP},
  journal={Journal of Ecology},
  volume={86},
  number={6},
  pages={902--910},
  year={1998},
  publisher={Wiley Online Library}
}

@article{vogel2012grassland,
  title={Grassland resistance and resilience after drought depends on management intensity and species richness},
  author={Vogel, Anja and Scherer-Lorenzen, Michael and Weigelt, Alexandra},
  journal={PloS one},
  volume={7},
  number={5},
  pages={e36992},
  year={2012},
  publisher={Public Library of Science San Francisco, USA}
}

@article{whittaker1965dominance,
  title={Dominance and Diversity in Land Plant Communities: Numerical relations of species express the importance of competition in community function and evolution.},
  author={Whittaker, Robert H},
  journal={Science},
  volume={147},
  number={3655},
  pages={250--260},
  year={1965},
  publisher={American Association for the Advancement of Science}
}

@article{whittaker1972evolution,
  title={Evolution and measurement of species diversity},
  author={Whittaker, Robert H},
  journal={Taxon},
  volume={21},
  number={2-3},
  pages={213--251},
  year={1972},
  publisher={Wiley Online Library}
}

@article{gaitan2014vegetation,
  title={Vegetation structure is as important as climate for explaining ecosystem function across P atagonian rangelands},
  author={Gaitan, Juan J and Oliva, Gabriel E and Bran, Donaldo E and Maestre, Fernando T and Aguiar, Mart{\'\i}n R and Jobbagy, Esteban G and Buono, Gustavo G and Ferrante, Daniela and Nakamatsu, Viviana B and Ciari, Georgina and others},
  journal={Journal of Ecology},
  volume={102},
  number={6},
  pages={1419--1428},
  year={2014},
  publisher={Wiley Online Library}
}


@article{wilson2018functional,
  title={Functional group, biomass, and climate change effects on ecological drought in semiarid grasslands},
  author={Wilson, Scott D and Schlaepfer, DR and Bradford, JB and Lauenroth, WK and Duniway, MC and Hall, SA and Jamiyansharav, K and Jia, G and Lkhagva, A and Munson, SM and others},
  journal={Journal of Geophysical Research: Biogeosciences},
  volume={123},
  number={3},
  pages={1072--1085},
  year={2018},
  publisher={Wiley Online Library}
}

@article{sheley2010resistance,
  title={Resistance of native plant functional groups to invasion by medusahead (Taeniatherum caput-medusae)},
  author={Sheley, Roger L and James, Jeremy},
  journal={Invasive Plant Science and Management},
  volume={3},
  number={3},
  pages={294--300},
  year={2010},
  publisher={Cambridge University Press}
}


@article{corbin2004competition,
  title={Competition between native perennial and exotic annual grasses: implications for an historical invasion},
  author={Corbin, Jeffrey D and D'Antonio, Carla M},
  journal={Ecology},
  volume={85},
  number={5},
  pages={1273--1283},
  year={2004},
  publisher={Wiley Online Library}
}

@incollection{belnap2008soil,
  title={Soil amendment effects on the exotic annual grass Bromus tectorum L. and facilitation of its growth by the native perennial grass Hilaria jamesii (Torr.) Benth},
  author={Belnap, Jayne and Sherrod, Susan K},
  booktitle={Herbaceous plant ecology},
  pages={345--357},
  year={2008},
  publisher={Springer}
}

@article{mciver2022pinon,
  title={Pion and juniper tree removal increases available soil water, driving understory response in a sage-steppe ecosystem},
  author={McIver, James and Grace, James B and Roundy, Bruce},
  journal={Ecosphere},
  volume={13},
  number={11},
  pages={e4279},
  year={2022},
  publisher={Wiley Online Library}
}

@article{soussana2007temperate,
  title={Temperate grasslands and global atmospheric change: a review},
  author={Soussana, J-F and L{\"u}scher, Andreas},
  journal={Grass and forage science},
  volume={62},
  number={2},
  pages={127--134},
  year={2007},
  publisher={Wiley Online Library}
}

@article{diaz2007plant,
  title={Plant trait responses to grazing--a global synthesis},
  author={Diaz, Sandra and Lavorel, Sandra and McIntyre, SUE and Falczuk, Valeria and Casanoves, Fernando and Milchunas, Daniel G and Skarpe, Christina and Rusch, Graciela and Sternberg, Marcelo and Noy-Meir, IMANUEL and others},
  journal={Global Change Biology},
  volume={13},
  number={2},
  pages={313--341},
  year={2007},
  publisher={Wiley Online Library}
}

@incollection{lavorel2007plant,
  title={Plant functional types: are we getting any closer to the Holy Grail?},
  author={Lavorel, Sandra and Diaz, Sandra and Cornelissen, J Hans C and Garnier, Eric and Harrison, Sandy P and McIntyre, Sue and Pausas, Juli G and Perez-Harguindeguy, Natalia and Roumet, Catherine and Urcelay, Carlos},
  booktitle={Terrestrial ecosystems in a changing world},
  pages={149--164},
  year={2007},
  publisher={Springer}
}

@article{funk2017revisiting,
  title={Revisiting the H oly G rail: using plant functional traits to understand ecological processes},
  author={Funk, Jennifer L and Larson, Julie E and Ames, Gregory M and Butterfield, Bradley J and Cavender-Bares, Jeannine and Firn, Jennifer and Laughlin, Daniel C and Sutton-Grier, Ariana E and Williams, Laura and Wright, Justin},
  journal={Biological Reviews},
  volume={92},
  number={2},
  pages={1156--1173},
  year={2017},
  publisher={Wiley Online Library}
}

@article{pennington2016sagebrush,
  title={Sagebrush, greater sage-grouse, and the occurrence and importance of forbs},
  author={Pennington, Victoria E and Schlaepfer, Daniel R and Beck, Jeffrey L and Bradford, John B and Palmquist, Kyle A and Lauenroth, William K},
  journal={Western North American Naturalist},
  volume={76},
  number={3},
  pages={298--312},
  year={2016},
  publisher={BioOne}
}

@article{welti2020nutrient,
  title={Nutrient dilution and climate cycles underlie declines in a dominant insect herbivore},
  author={Welti, Ellen AR and Roeder, Karl A and de Beurs, Kirsten M and Joern, Anthony and Kaspari, Michael},
  journal={Proceedings of the National Academy of Sciences},
  volume={117},
  number={13},
  pages={7271--7275},
  year={2020},
  publisher={National Acad Sciences}
}

@article{sala199711,
  title={11 Plant functional types in temperate semi-arid regions},
  author={Sala, OE and Lauenroth, WK and Golluscio, RA},
  journal={Plant functional types: their relevance to ecosystem properties and global change},
  volume={1},
  pages={217},
  year={1997},
  publisher={Cambridge University Press}
}

@article{hooper2005effects,
  title={Effects of biodiversity on ecosystem functioning: a consensus of current knowledge},
  author={Hooper, David U and Chapin III, F Stuart and Ewel, John J and Hector, Andrew and Inchausti, Pablo and Lavorel, Sandra and Lawton, John Hartley and Lodge, DM and Loreau, Michel and Naeem, Shahid and others},
  journal={Ecological monographs},
  volume={75},
  number={1},
  pages={3--35},
  year={2005},
  publisher={Wiley Online Library}
}

@article{isbell2011high,
  title={High plant diversity is needed to maintain ecosystem services},
  author={Isbell, Forest and Calcagno, Vincent and Hector, Andy and Connolly, John and Harpole, W Stanley and Reich, Peter B and Scherer-Lorenzen, Michael and Schmid, Bernhard and Tilman, David and Van Ruijven, Jasper and others},
  journal={Nature},
  volume={477},
  number={7363},
  pages={199--202},
  year={2011},
  publisher={Nature Publishing Group}
}

@article{leitao2016rare,
  title={Rare species contribute disproportionately to the functional structure of species assemblages},
  author={Leitao, Rafael P and Zuanon, Jansen and Villeger, Sebastien and Williams, Stephen E and Baraloto, Christopher and Fortunel, Claire and Mendonca, Fernando P and Mouillot, David},
  journal={Proceedings of the Royal Society B: Biological Sciences},
  volume={283},
  number={1828},
  pages={20160084},
  year={2016},
  publisher={The Royal Society}
}

@article{enquist2019commonness,
  title={The commonness of rarity: Global and future distribution of rarity across land plants},
  author={Enquist, Brian J and Feng, Xiao and Boyle, Brad and Maitner, Brian and Newman, Erica A and Jorgensen, Peter Moller and Roehrdanz, Patrick R and Thiers, Barbara M and Burger, Joseph R and Corlett, Richard T and others},
  journal={Science advances},
  volume={5},
  number={11},
  pages={eaaz0414},
  year={2019},
  publisher={American Association for the Advancement of Science}
}

@article{mouillot2013rare,
  title={Rare species support vulnerable functions in high-diversity ecosystems},
  author={Mouillot, David and Bellwood, David R and Baraloto, Christopher and Chave, Jerome and Galzin, Rene and Harmelin-Vivien, Mireille and Kulbicki, Michel and Lavergne, Sebastien and Lavorel, Sandra and Mouquet, Nicolas and others},
  journal={PLoS biology},
  volume={11},
  number={5},
  pages={e1001569},
  year={2013},
  publisher={Public Library of Science San Francisco, USA}
}

@article{lyons2001rare,
  title={Rare species loss alters ecosystem function--invasion resistance},
  author={Lyons, Kelly G and Schwartz, Mark W},
  journal={Ecology letters},
  volume={4},
  number={4},
  pages={358--365},
  year={2001},
  publisher={Wiley Online Library}
}

@article{oakley2013plant,
  title={Plant species richness increases resistance to invasion by non-resident plant species during grassland restoration},
  author={Oakley, Clinton A and Knox, John S},
  journal={Applied Vegetation Science},
  volume={16},
  number={1},
  pages={21--28},
  year={2013},
  publisher={Wiley Online Library}
}

@article{oliver2015biodiversity,
  title={Biodiversity and resilience of ecosystem functions},
  author={Oliver, Tom H and Heard, Matthew S and Isaac, Nick JB and Roy, David B and Procter, Deborah and Eigenbrod, Felix and Freckleton, Rob and Hector, Andy and Orme, C David L and Petchey, Owen L and others},
  journal={Trends in ecology \& evolution},
  volume={30},
  number={11},
  pages={673--684},
  year={2015},
  publisher={Elsevier}
}

@article{rabinowitz1981seven,
  title={Seven forms of rarity},
  author={Rabinowitz, Deborah},
  journal={Biological aspects of rare plant conservation},
  year={1981},
  publisher={Wiley}
}

@article{kruckeberg1985biological,
  title={Biological aspects of endemism in higher plants},
  author={Kruckeberg, Arthur R and Rabinowitz, Deborah},
  journal={Annual review of ecology and systematics},
  pages={447--479},
  year={1985},
  publisher={JSTOR}
}

@article{brown1995spatial,
  title={Spatial variation in abundance},
  author={Brown, James H and Mehlman, David W and Stevens, George C},
  journal={Ecology},
  volume={76},
  number={7},
  pages={2028--2043},
  year={1995},
  publisher={Wiley Online Library}
}

@article{ter2016discovery,
  title={The discovery of the Amazonian tree flora with an updated checklist of all known tree taxa},
  author={Ter Steege, Hans and Vaessen, Rens W and Cardenas-Lopez, Dairon and Sabatier, Daniel and Antonelli, Alexandre and de Oliveira, Sylvia Mota and Pitman, Nigel CA and Jorgensen, Peter Moller and Salomao, Rafael P},
  journal={Scientific reports},
  volume={6},
  number={1},
  pages={1--15},
  year={2016},
  publisher={Nature Publishing Group}
}

@article{maciel2020rare7,
  title={Rare7: An R package to assess the forms of rarity in a community},
  author={Maciel, Everton A and Arl{\'e}, Eduardo},
  journal={Ecological Indicators},
  volume={115},
  pages={106419},
  year={2020},
  publisher={Elsevier}
}

@article{maciel2021index,
  title={An index for assessing the rare species of a community},
  author={Maciel, Everton A},
  journal={Ecological Indicators},
  volume={124},
  pages={107424},
  year={2021},
  publisher={Elsevier}
}

@article{kondratyeva2019reconciling,
  title={Reconciling the concepts and measures of diversity, rarity and originality in ecology and evolution},
  author={Kondratyeva, Anna and Grandcolas, Philippe and Pavoine, Sandrine},
  journal={Biological Reviews},
  volume={94},
  number={4},
  pages={1317--1337},
  year={2019},
  publisher={Wiley Online Library}
}

@article{stohlgren2005patterns,
  title={Patterns of plant species richness, rarity, endemism, and uniqueness in an arid landscape},
  author={Stohlgren, Thomas J and Guenther, Debra A and Evangelista, Paul H and Alley, Nathaniel},
  journal={Ecological Applications},
  volume={15},
  number={2},
  pages={715--725},
  year={2005},
  publisher={Wiley Online Library}
}

@article{flather2007species,
  title={Species rarity: definition, causes and classification},
  author={Flather, Curtis H and Sieg, Carolyn Hull},
  journal={Conservation of rare or little-known species: Biological, social, and economic considerations},
  pages={40--66},
  year={2007},
  publisher={Washington, DC, USA: Island Press}
}

@article{manzitto2022most,
  title={Most lichens are rare, and degree of rarity is mediated by lichen traits and biotic partners},
  author={Manzitto-Tripp, Erin A and Lendemer, James C and McCain, Christy M},
  journal={Diversity and Distributions},
  volume={28},
  number={9},
  pages={1810--1819},
  year={2022},
  publisher={Wiley Online Library}
}

@article{preston1948commonness,
  title={The commonness, and rarity, of species},
  author={Preston, Frank W},
  journal={Ecology},
  volume={29},
  number={3},
  pages={254--283},
  year={1948},
  publisher={JSTOR}
}

@article{parks2019living,
  title={Living on the edge: trailing edge forests at risk of fire-facilitated conversion to non-forest},
  author={Parks, Sean A and Dobrowski, Solomon Z and Shaw, John D and Miller, Carol},
  journal={Ecosphere},
  volume={10},
  number={3},
  pages={e02651},
  year={2019},
  publisher={Wiley Online Library}
}

@article{oldfather2020range,
  title={Range edges in heterogeneous landscapes: Integrating geographic scale and climate complexity into range dynamics},
  author={Oldfather, Meagan F and Kling, Matthew M and Sheth, Seema N and Emery, Nancy C and Ackerly, David D},
  journal={Global Change Biology},
  volume={26},
  number={3},
  pages={1055--1067},
  year={2020},
  publisher={Wiley Online Library}
}

@article{hampe2005conserving,
  title={Conserving biodiversity under climate change: the rear edge matters},
  author={Hampe, Arndt and Petit, R{\'e}my J},
  journal={Ecology letters},
  volume={8},
  number={5},
  pages={461--467},
  year={2005},
  publisher={Wiley Online Library}
}

@article{PeclGrettaT2017Bruc,
  title = {Biodiversity redistribution under climate change: Impacts on ecosystems and human well-being},
  volume = {355},
  year = {2017},
  abstract = {Distributions of Earth's species are changing at accelerating   rates, increasingly driven by human-mediated climate change. Such changes are already altering the composition of ecological communities, but beyond conservation of natural systems, how and why does this matter? We review evidence that climate-driven species redistribution at regional to global scales affects ecosystem functioning, human well-being, and the dynamics of climate change itself. Production of natural resources required for food security, patterns of disease transmission, and processes of carbon sequestration are all altered by changes in species distribution. Consideration of these effects of biodiversity redistribution is critical yet lacking in most mitigation and adaptation strategies, including the United Nation's Sustainable Development Goals.},
  author = {Pecl, Gretta T and AraÃºjo, Miguel B and Bell, Johann D and Blanchard, Julia and Bonebrake, Timothy C and Chen, I-Ching and Clark, Timothy D and Colwell, Robert K and Danielsen, Finn and EvengÃ¥rd, Birgitta and Falconi, Lorena and Ferrier, Simon and Frusher, Stewart and Garcia, Raquel A and Griffis, Roger B and Hobday, Alistair J and Janion-Scheepers, Charlene and Jarzyna, Marta A and Jennings, Sarah and Lenoir, Jonathan and Linnetved, Hlif I and Martin, Victoria Y and McCormack, Phillipa C and McDonald, Jan and Mitchell, Nicola J and Mustonen, Tero and Pandolfi, John M and Pettorelli, Nathalie and Popova, Ekaterina and Robinson, Sharon A and Scheffers, Brett R and Shaw, Justine D and Sorte, Cascade J B and Strugnell, Jan M and Sunday, Jennifer M and Tuanmu, Mao-Ning and VergÃ©s, Adriana and Villanueva, Cecilia and Wernberg, Thomas and Wapstra, Erik and Williams, Stephen E},
  address = {United States},
  copyright = {Copyright Â© 2017, American Association for the Advancement of Science.},
  issn = {0036-8075},
  journal = {Science (American Association for the Advancement of Science)},
  number = {6332},
  pages = {eaai9214-eaai9214},
  publisher = {American Association for the Advancement of Science (AAAS)}
}

@article{nathan2008mechanisms,
  title={Mechanisms of long-distance seed dispersal},
  author={Nathan, Ran and Schurr, Frank M and Spiegel, Orr and Steinitz, Ofer and Trakhtenbrot, Ana and Tsoar, Asaf},
  journal={Trends in ecology \& evolution},
  volume={23},
  number={11},
  pages={638--647},
  year={2008},
  publisher={Elsevier}
}

@article{jordano2017long,
  title={What is long-distance dispersal? And a taxonomy of dispersal events},
  author={Jordano, Pedro},
  journal={Journal of Ecology},
  volume={105},
  number={1},
  pages={75--84},
  year={2017},
  publisher={Wiley Online Library}
}

@incollection{gaston1994rarity,
  title={What is rarity?},
  author={Gaston, Kevin J},
  booktitle={Rarity},
  pages={1--21},
  year={1994},
  publisher={Springer}
}

@article{harnik2012long,
  title={Long-term differences in extinction risk among the seven forms of rarity},
  author={Harnik, Paul G and Simpson, Carl and Payne, Jonathan L},
  journal={Proceedings of the Royal Society B: Biological Sciences},
  volume={279},
  number={1749},
  pages={4969--4976},
  year={2012},
  publisher={The Royal Society}
}

@article{tuanmu2014global,
  title={A global 1-km consensus land-cover product for biodiversity and ecosystem modelling},
  author={Tuanmu, Mao-Ning and Jetz, Walter},
  journal={Global Ecology and Biogeography},
  volume={23},
  number={9},
  pages={1031--1045},
  year={2014},
  publisher={Wiley Online Library}
}

@article{dalgleish2010can,
  title={Can life-history traits predict the response of forb populations to changes in climate variability?},
  author={Dalgleish, Harmony J and Koons, David N and Adler, Peter B},
  journal={Journal of Ecology},
  volume={98},
  number={1},
  pages={209--217},
  year={2010},
  publisher={Wiley Online Library}
}

@article{west2006long,
  title={Long-term interactions of climate, productivity, species richness, and growth form in relictual sagebrush steppe plant communities},
  author={West, Neil E and Yorks, Terence P},
  journal={Western North American Naturalist},
  volume={66},
  number={4},
  pages={502--526},
  year={2006},
  publisher={BioOne}
}

@article{anderson2001landscape,
  title={Landscape-scale changes in plant species abundance and biodiversity of a sagebrush steppe over 45 years},
  author={Anderson, Jay E and Inouye, Richard S},
  journal={Ecological monographs},
  volume={71},
  number={4},
  pages={531--556},
  year={2001},
  publisher={Wiley Online Library}
}

@article{treshow1974longevity,
  title={Longevity of perennial forbs and grasses},
  author={Treshow, Michael and Harper, Kimball},
  journal={Oikos},
  pages={93--96},
  year={1974},
  publisher={JSTOR}
}

@article{lauenroth2008demography,
  title={Demography of perennial grassland plants: survival, life expectancy and life span},
  author={Lauenroth, William K and Adler, Peter B},
  journal={Journal of Ecology},
  volume={96},
  number={5},
  pages={1023--1032},
  year={2008},
  publisher={Wiley Online Library}
}

@article{morris2008longevity,
  title={Longevity can buffer plant and animal populations against changing climatic variability},
  author={Morris, William F and Pfister, Catherine A and Tuljapurkar, Shripad and Haridas, Chirrakal V and Boggs, Carol L and Boyce, Mark S and Bruna, Emilio M and Church, Don R and Coulson, Tim and Doak, Daniel F and others},
  journal={Ecology},
  volume={89},
  number={1},
  pages={19--25},
  year={2008},
  publisher={Wiley Online Library}
}

@article{davison2010demographic,
  title={Demographic effects of extreme weather events on a short-lived calcareous grassland species: stochastic life table response experiments},
  author={Davison, Raziel and Jacquemyn, Hans and Adriaens, Dries and Honnay, Olivier and De Kroon, Hans and Tuljapurkar, Shripad},
  journal={Journal of Ecology},
  volume={98},
  number={2},
  pages={255--267},
  year={2010},
  publisher={Wiley Online Library}
}

@article{casper1996demographic,
  title={Demographic consequences of drought in the herbaceous perennial Cryptantha flava: effects of density, associations with shrubs, and plant size},
  author={Casper, Brenda B},
  journal={Oecologia},
  volume={106},
  number={2},
  pages={144--152},
  year={1996},
  publisher={Springer}
}

@article{eziz2017drought,
  title={Drought effect on plant biomass allocation: A meta-analysis},
  author={Eziz, Anwar and Yan, Zhengbing and Tian, Di and Han, Wenxuan and Tang, Zhiyao and Fang, Jingyun},
  journal={Ecology and evolution},
  volume={7},
  number={24},
  pages={11002--11010},
  year={2017},
  publisher={Wiley Online Library}
}

@article{torang2010linking,
  title={Linking environmental and demographic data to predict future population viability of a perennial herb},
  author={Torang, Per and Ehrlen, Johan and Aagren, Jon},
  journal={Oecologia},
  volume={163},
  number={1},
  pages={99--109},
  year={2010},
  publisher={Springer}
}


@article{nicole2011interdependent,
  title={Interdependent effects of habitat quality and climate on population growth of an endangered plant},
  author={Nicole, Florence and Dahlgren, Johan P and Vivat, Agnes and Till-Bottraud, Irene and Ehrlen, Johan},
  journal={Journal of Ecology},
  volume={99},
  number={5},
  pages={1211--1218},
  year={2011},
  publisher={Wiley Online Library}
}

@article{bestelmeyer2018grassland,
  title={The grassland--shrubland regime shift in the southwestern United States: Misconceptions and their implications for management},
  author={Bestelmeyer, Brandon T and Peters, Debra PC and Archer, Steven R and Browning, Dawn M and Okin, Gregory S and Schooley, Robert L and Webb, Nicholas P},
  journal={BioScience},
  volume={68},
  number={9},
  pages={678--690},
  year={2018},
  publisher={Oxford University Press}
}

@article{sala2012legacies,
  title={Legacies of precipitation fluctuations on primary production: theory and data synthesis},
  author={Sala, Osvaldo E and Gherardi, Laureano A and Reichmann, Lara and Jobbagy, Esteban and Peters, Debra},
  journal={Philosophical Transactions of the Royal Society B: Biological Sciences},
  volume={367},
  number={1606},
  pages={3135--3144},
  year={2012},
  publisher={The Royal Society}
}

@article{byrne2017contrasting,
  title={Contrasting effects of precipitation manipulations in two Great Plains plant communities},
  author={Byrne, Kerry M and Adler, Peter B and Lauenroth, William K},
  journal={Journal of vegetation science},
  volume={28},
  number={2},
  pages={238--249},
  year={2017},
  publisher={Wiley Online Library}
}

@article{gherardi2015enhanced,
  title={Enhanced precipitation variability decreases grass-and increases shrub-productivity},
  author={Gherardi, Laureano A and Sala, Osvaldo E},
  journal={Proceedings of the National Academy of Sciences},
  volume={112},
  number={41},
  pages={12735--12740},
  year={2015},
  publisher={National Acad Sciences}
}

@article{staver2019grazer,
  title={Grazer movements exacerbate grass declines during drought in an African savanna},
  author={Staver, A Carla and Wigley-Coetsee, Corli and Botha, Judith},
  journal={Journal of Ecology},
  volume={107},
  number={3},
  pages={1482--1491},
  year={2019},
  publisher={Wiley Online Library}
}

@article{reichmann2013precipitation,
  title={Precipitation legacies in desert grassland primary production occur through previous-year tiller density},
  author={Reichmann, Lara G and Sala, Osvaldo E and Peters, Debra PC},
  journal={Ecology},
  volume={94},
  number={2},
  pages={435--443},
  year={2013},
  publisher={Wiley Online Library}
}

@article{griffin2012mortality,
  title={Mortality of Australian alpine grasses (Poa spp.) after drought: species differences and ecological patterns},
  author={Griffin, Philippa C and Hoffmann, Ary A},
  journal={Journal of Plant Ecology},
  volume={5},
  number={2},
  pages={121--133},
  year={2012},
  publisher={Oxford University Press}
}

@article{chamrad1965drought,
  title={Drought-Associated Mortality of Range Grasses in South Texas},
  author={Chamrad, Albert D and Box, Thadis W},
  journal={Ecology},
  volume={46},
  number={6},
  pages={780--785},
  year={1965},
  publisher={Wiley Online Library}
}

@article{hoover2019comparing,
  title={Comparing water-related plant functional traits among dominant grasses of the Colorado Plateau: Implications for drought resistance},
  author={Hoover, David L and Koriakin, Kelly and Albrigtsen, Johanne and Ocheltree, Troy},
  journal={Plant and Soil},
  volume={441},
  number={1},
  pages={207--218},
  year={2019},
  publisher={Springer}
}

@article{chambers2017removal,
  title={Removal of perennial herbaceous species affects response of Cold Desert shrublands to fire},
  author={Chambers, Jeanne C and Board, David I and Roundy, Bruce A and Weisberg, Peter J},
  journal={Journal of Vegetation Science},
  volume={28},
  number={5},
  pages={975--984},
  year={2017},
  publisher={Wiley Online Library}
}

@article{hoover2021drought,
  title={Drought resistance and resilience: The role of soil moisture--plant interactions and legacies in a dryland ecosystem},
  author={Hoover, David L and Pfennigwerth, Alix A and Duniway, Michael C},
  journal={Journal of Ecology},
  volume={109},
  number={9},
  pages={3280--3294},
  year={2021},
  publisher={Wiley Online Library}
}

@article{winkler2019shrub,
  title={Shrub persistence and increased grass mortality in response to drought in dryland systems},
  author={Winkler, Daniel E and Belnap, Jayne and Hoover, David and Reed, Sasha C and Duniway, Michael C},
  journal={Global Change Biology},
  volume={25},
  number={9},
  pages={3121--3135},
  year={2019},
  publisher={Wiley Online Library}
}

@article{munson2022primary,
  title={Primary production responses to extreme changes in North American Monsoon precipitation vary by elevation and plant functional composition through time},
  author={Munson, Seth M and Bradford, John B and Butterfield, Bradley J and Gremer, Jennifer R},
  journal={Journal of Ecology},
  volume={110},
  number={9},
  pages={2232--2245},
  year={2022},
  publisher={Wiley Online Library}
}









